@inproceedings{citacao1,
  title={Titulo},
  author={SobreNome, Nome},
  booktitle={Local de publicação,
  year={Ano de publicação}
}


@misc{citacao2,
  title={Titulo,
  author={SobreNome, Nome},
  year={2008},
  publisher={CGC}
}

@article{citacao3,
  title={Titulo,
  author={SobreNome, Nome}
}
