@article{Salazar2015ScratchMotivacao,
    title = {{Scratch no ensino superior: motiva{\c{c}}{\~{a}}o}},
    year = {2015},
    journal = {Brazilian Symposium on Computers in Education (Simp{\'{o}}sio Brasileiro de Inform{\'{a}}tica na Educa{\c{c}}{\~{a}}o - SBIE)},
    author = {Salazar, Rafael and Odakura, Valguima and Barvinski, Carla},
    isbn = {2316-6533},
    doi = {10.5753/cbie.sbie.2015.1293},
    issn = {2316-6533}
}

@misc{Araujo2016IntroducaoArduino,
    title = {{Introdu{\c{c}}{\~{a}}o a Rob{\'{o}}tica No Ensino B{\'{a}}sico Atrav{\'{e}}s Do Scratch, S4a E Arduino}},
    year = {2016},
    booktitle = {Anais do Sal{\~{a}}o},
    author = {Araujo, JWB de and Kakuno, EM}
}

@article{Salazar2015ScratchMotivacaob,
    title = {{Scratch no ensino superior: motiva{\c{c}}{\~{a}}o}},
    year = {2015},
    journal = {Brazilian Symposium on Computers in Education (Simp{\'{o}}sio Brasileiro de Inform{\'{a}}tica na Educa{\c{c}}{\~{a}}o - SBIE)},
    author = {Salazar, Rafael and Odakura, Valguima and Barvinski, Carla},
    isbn = {2316-6533},
    doi = {10.5753/cbie.sbie.2015.1293},
    issn = {2316-6533}
}

@article{GressevonWangenheim2014EnsinoCaso,
    title = {{Ensino de Computa{\c{c}}{\~{a}}o com SCRATCH no Ensino Fundamental – Um Estudo de Caso}},
    year = {2014},
    journal = {Revista Brasileira de Inform{\'{a}}tica na Educa{\c{c}}{\~{a}}o},
    author = {Gresse von Wangenheim, Christiane and Rodrigues Nunes, Vinícius and Dos Santos, Giovane Daniel},
    doi = {10.5753/rbie.2014.22.03.115},
    issn = {1414-5685},
    keywords = {Ci{\^{e}}ncia da Computa{\c{c}}{\~{a}}o, Ensino Fundamental, Pensamento Computacional, Programa{\c{c}}{\~{a}}o, Scratch}
}

@article{Gresse2014EnsinoStudy,
    title = {{Ensino de Computa{\c{c}}{\~{a}}o com SCRATCH no Ensino Fundamental – Um Estudo de Caso Teaching Computing with SCRATCH in Elementary Schools – A Case Study}},
    year = {2014},
    journal = {Revista Brasileira de Inform{\'{a}}tica na Educa{\c{c}}{\~{a}}o},
    author = {Gresse, Christiane and Wangenheim, Von and Nunes, Vinícius Rodrigues and Daniel, Giovane and Santos, Dos},
    doi = {10.5753/RBIE.2014.22.03.115},
    keywords = {computational thinking, computer science, elementary school, program-ming, scratch}
}

@article{Matos2014DoSuperiores,
    title = {{Do Scratch Ao Arduino : Uma Proposta Para O Ensino Introdut{\'{o}}rio De Programa{\c{c}}{\~{a}}o Para Cursos Superiores}},
    year = {2014},
    journal = {Casa da mae joana},
    author = {Matos, Raimundo Ricardo and Scolaro, Dyonad Renan and Mecatr, Bolsista P E T and Campos, Jhonatan Luiz and Catarina, Santa}
}

@misc{Oliveira2014EnsinoExperiencia,
    title = {{Ensino de l{\'{o}}gica de programa{\c{c}}{\~{a}}o no ensino fundamental utilizando o Scratch: um relato de experi{\^{e}}ncia}},
    year = {2014},
    booktitle = {Congresso da Sociedade Brasileira de Computa{\c{c}}{\~{a}}o – CSBC},
    author = {Oliveira, Millena Lauyse Silva de and Souza, Anderson Alves de and Barbosa, Aline Ferreira and Barreiros, Emanoel Francisco Spósito}
}

@inproceedings{Aureliano2012AvaliandoProgramacao,
    title = {{Avaliando o uso do Scratch como abordagem Alternativa para o processo de ensino-aprendizagem de programa{\c{c}}{\~{a}}o}},
    year = {2012},
    booktitle = {Anais do XX Workshop sobre Educa{\c{c}}{\~{a}}o em Computa{\c{c}}{\~{a}}o},
    author = {Aureliano, Viviane Cristina Oliveira and Tedesco, Patrícia Cabral De Azevedo Restelli}
}

@article{Aureliano2013UtilizandoEaD,
    title = {{Utilizando o Scratch para Apoiar o Processo de Ensino-aprendizagem de Programa{\c{c}}{\~{a}}o para Iniciantes na EaD}},
    year = {2013},
    journal = {lbd.dcc.ufmg.br},
    author = {Aureliano, Viviane Cristina Oliveira and Tedesco, Patrícia Cabral de Azevedo Restelli}
}

@inproceedings{Malan2007ScratchScientists,
    title = {{Scratch for Budding Computer Scientists}},
    year = {2007},
    booktitle = {Sigcse 2007: Proceedings of the Thirty-Eighth Sigcse Technical Symposium on Computer Science Education},
    author = {Malan, David J and Leitner, Henry H},
    isbn = {978-1-59593-361-4},
    doi = {10.1145/1227504.1227388},
    issn = {00978418},
    keywords = {java, languages, programming, scratch}
}

@article{Maloney2010TheEnvironment,
    title = {{The Scratch programming language and environment}},
    year = {2010},
    journal = {ACM Transactions on Computing Education},
    author = {Maloney, John and Resnick, Mitchel and Rusk, Natalie and Silverman, Brian and Eastmond, Evelyn},
    isbn = {9781450309196},
    doi = {10.1145/1868358.1868363.http},
    issn = {19466226},
    pmid = {-},
    arxivId = {-},
    keywords = {Scratch, programming environment, programming language, visual programming language}
}

@article{Jofili2002PiagetEscola,
    title = {{Piaget, Vygotsky, Freire e a constru{\c{c}}{\~{a}}o do conhecimento na escola}},
    year = {2002},
    journal = {Universidade Cat{\'{o}}lica de Pernanbuco},
    author = {J{\'{o}}fili, Zélia},
    keywords = {Freire, PIAGET, Piaget, Vygotsky, construtivismo, pensamento cr{\'{i}}tico}
}

@article{Zaia2008A,
    title = {{A Constru{\c{c}}{\~{a}}o do Real na Crian{\c{c}}a a fun{\c{c}}{\~{a}}o dos jogos e das brincadeiras ?}},
    year = {2008},
    journal = {Sch{\`{e}}me - Revista Eletr{\^{o}}nica de Psicologia e Epistemologia Gen{\'{e}}ticas},
    author = {Zaia, Lia Leme},
    issn = {1984-1655}
}

@article{Santos2005AEducacional,
    title = {{A Aprendizagem da F{\'{i}}sica no Ensino Fundamental em um Ambiente de Rob{\'{o}}tica Educacional}},
    year = {2005},
    journal = {Xxv Csbc 2005},
    author = {Santos, Carmen Faria and Menezes, Crediné Silva De},
    doi = {10.5753/CBIE.WIE.2005.{\%}P},
    issn = {2316-6541},
    keywords = {Educational robotics, LEGO Mindstorms, Physics}
}

@article{Santos1987UmCiencias,
    title = {{Um discurso sobre as ci{\^{e}}ncias}},
    year = {1987},
    journal = {Porto: afrontamento},
    author = {Santos, Boaventura Sousa},
    isbn = {16898/87},
    doi = {10.1590/S0103-40141988000200007},
    issn = {0103-4014},
    pmid = {1976728},
    arxivId = {http://dx.doi.org/10.1590/S0103-40141988000200007}
}

@article{Araujo2013AplicacaoScratch,
    title = {{Aplica{\c{c}}{\~{a}}o da Taxonomia de Bloom no ensino de programa{\c{c}}{\~{a}}o com Scratch}},
    year = {2013},
    journal = {Anais do Workshop de Inform{\'{a}}tica na Escola},
    author = {Ara{\'{u}}jo, Ana Liz Souto Oliveira de and Scaico, Pasqueline Dantas and Paiva, Luiz Fernando de and Rab{\^{e}}lo, Hévellyn de Morais and Santos, Luan de Luna and Pessoa, Francisco Ittalo Ribeiro and Targino, Jonas Mendonça and Costa, Leonardo dos Santos},
    doi = {10.5753/CBIE.WIE.2013.{\%}P},
    issn = {2316-6541}
}

@inproceedings{Aureliano2012AvaliandoProgramacaob,
    title = {{Avaliando o uso do Scratch como abordagem Alternativa para o processo de ensino-aprendizagem de programa{\c{c}}{\~{a}}o}},
    year = {2012},
    booktitle = {Anais do XX Workshop sobre Educa{\c{c}}{\~{a}}o em Computa{\c{c}}{\~{a}}o},
    author = {Aureliano, Viviane Cristina Oliveira and Tedesco, Patrícia Cabral De Azevedo Restelli}
}

@article{Jesus2009InterpretacoesIntrodutoria,
    title = {{Interpreta{\c{c}}ões da Taxonomia de Bloom no Contexto da Programa{\c{c}}{\~{a}}o Introdut{\'{o}}ria}},
    year = {2009},
    journal = {SBIE - Simp{\'{o}}sio Brasileiro de Inform{\'{a}}tica na Educa{\c{c}}{\~{a}}o},
    author = {Jesus, Ea De and Raabe, Al Alice},
    doi = {10.5753/CBIE.SBIE.2009.{\%}P},
    issn = {2176-4301}
}

@article{Rocha2013UtilizacaoProgramacao,
    title = {{Utiliza{\c{c}}{\~{a}}o do Scratch como Ferramenta de Aux{\'{i}}lio {\`{a}} Aprendizagem de Programa{\c{c}}{\~{a}}o}},
    year = {2013},
    journal = {XLI Congresso Brasileiro de Educa{\c{c}}{\~{a}}o em Engenharia - COBENGE},
    author = {Rocha, Anderson Souza and Silva, Jadson Francisco de Jesus and Carneiro, Douglas Almeida and Santos, Jéssica Magally de Jesus and Santana, Bianca Leite and Bittencourt, Roberto Almeida}
}

@article{Scaico2012ProgramacaoScratch,
    title = {{Programa{\c{c}}{\~{a}}o no Ensino M{\'{e}}dio: Uma Abordagem de Ensino Orientado ao Design com Scratch}},
    year = {2012},
    journal = {Anais do Congresso Brasileiro de Inform{\'{a}}tica na Educa{\c{c}}{\~{a}}o. XVIII Workshop de Inform{\'{a}}tica na Escola},
    author = {Scaico, Pasqueline Dantas and Lima, Anderson Alves de and Barbosa Belo da Silva, Jefferson and Azevedo, Luiz Fernando Paiva Silvia and Raposo, Ewerton Henning Souto and Alencar, Yugo and Mendes, Jão Paulo},
    isbn = {2316-6541},
    doi = {10.5753/cbie.wie.2012.{\%}p},
    issn = {2316-6541}
}

@article{Scaico2013EnsinoScratch,
    title = {{Ensino de Programa{\c{c}}{\~{a}}o no Ensino M{\'{e}}dio: Uma Abordagem Orientada ao Design com a linguagem Scratch}},
    year = {2013},
    journal = {Revista Brasileira de Inform{\'{a}}tica na Educa{\c{c}}{\~{a}}o},
    author = {Scaico, Pasqueline Dantas and De Lima, Anderson Alves and Azevedo, Silvia and Belo da Silva, Jefferson Barbosa and Raposo, Ewerton Henning and Paiva, Luiz Fernando and Alencar, Yugo and Mendes, João Paulo and Scaico, Alexandre},
    isbn = {2316-6541},
    doi = {10.5753/RBIE.2013.21.02.92},
    issn = {1414-5685}
}

@article{Salazar2015ScratchMotivacaoc,
    title = {{Scratch no ensino superior: motiva{\c{c}}{\~{a}}o}},
    year = {2015},
    journal = {Brazilian Symposium on Computers in Education (Simp{\'{o}}sio Brasileiro de Inform{\'{a}}tica na Educa{\c{c}}{\~{a}}o - SBIE)},
    author = {Salazar, Rafael and Odakura, Valguima and Barvinski, Carla},
    isbn = {2316-6533},
    doi = {10.5753/cbie.sbie.2015.1293},
    issn = {2316-6533}
}

@article{Ventura2007OPesquisa,
    title = {{O Estudo de Caso como Modalidade de Pesquisa}},
    year = {2007},
    journal = {Rev SOCERJ},
    author = {Ventura, Magda Maria},
    issn = {01040758},
    arxivId = {01040758},
    keywords = {Estudo de caso, Metodologia de investiga{\c{c}}{\~{a}}o}
}

@article{Franca2014AComputacao,
    title = {{A dissemina{\c{c}}{\~{a}}o do pensamento computacional na educa{\c{c}}{\~{a}}o b{\'{a}}sica : li{\c{c}}ões aprendidas com experi{\^{e}}ncias de licenciandos em computa{\c{c}}{\~{a}}o}},
    year = {2014},
    journal = {Anais do XXII {\ldots}},
    author = {Fran{\c{c}}a, Rozelma Soares De and Amaral, Haroldo Jose Costa and Afonso, Victor and Soares, Rozelma and Fran{\c{c}}a, Rozelma Soares De and Afonso, Victor},
    doi = {10.13140/2.1.4355.3926}
}

@inproceedings{Bathke2016PensamentoAprendidas,
    title = {{Pensamento Computacional na Educa{\c{c}}{\~{a}}o de Jovens e Adultos: Li{\c{c}}ões Aprendidas}},
    year = {2016},
    booktitle = {Anais dos Workshops do Congresso Brasileiro de Inform{\'{a}}tica na Educa{\c{c}}{\~{a}}o},
    author = {Bathke, Julia and Raabe, André},
    doi = {10.5753/cbie.wcbie.2016.1087},
    issn = {2316-8889}
}

@inproceedings{Costa2016PensamentoComputacional,
    title = {{Pensamento Computacional na Educa{\c{c}}{\~{a}}o B{\'{a}}sica: Uma An{\'{a}}lise da Rela{\c{c}}{\~{a}}o de Questões de Matem{\'{a}}tica com as Compet{\^{e}}ncias do Pensamento Computacional}},
    year = {2016},
    booktitle = {Anais dos Workshops do Congresso Brasileiro de Inform{\'{a}}tica na Educa{\c{c}}{\~{a}}o},
    author = {Costa, Erick John Fidelis and Sampaio, Livia and Guerrero, Dalton},
    doi = {10.5753/cbie.wcbie.2016.1060},
    issn = {2316-8889}
}

@misc{Silva2015OComputacao,
    title = {{O Ensino de Computa{\c{c}}{\~{a}}o na Educa{\c{c}}{\~{a}}o B{\'{a}}sica apoiado por Problemas: Pr{\'{a}}ticas de Licenciandos em Computa{\c{c}}{\~{a}}o}},
    year = {2015},
    booktitle = {XXIII Workshop sobre Educa{\c{c}}{\~{a}}o em Computa{\c{c}}{\~{a}}o - WEI. Anais do XXXV Congresso da Sociedade Brasileira de Computa{\c{c}}{\~{a}}o - CSBC.},
    author = {Silva, A and Soares, LS}
}

@article{Barcelos2012PensamentoBasica,
    title = {{Pensamento Computacional e Educa{\c{c}}{\~{a}}o Matem{\'{a}}tica: Rela{\c{c}}ões para o Ensino de Computa{\c{c}}{\~{a}}o na Educa{\c{c}}{\~{a}}o B{\'{a}}sica}},
    year = {2012},
    journal = {Workshop sobre Educa{\c{c}}{\~{a}}o em Computa{\c{c}}{\~{a}}o},
    author = {Barcelos, Thiago Schumacher and Silveira, Ismar Frango}
}

@article{Gomes2015AvaliacaoInfantil,
    title = {{Avalia{\c{c}}{\~{a}}o de um Jogo Educativo para o Desenvolvimento do Pensamento Computacional na Educa{\c{c}}{\~{a}}o Infantil}},
    year = {2015},
    journal = {Anais dos Workshops do Congresso Brasileiro de Inform{\'{a}}tica na Educa{\c{c}}{\~{a}}o},
    author = {Gomes, Tancicleide and Barreto, Pedro and Lima, Isabella Rocha Albuquerque and Falc{\~{a}}o, Taciana Pontual},
    doi = {10.5753/cbie.wcbie.2015.1349},
    issn = {2316-8889}
}

@article{Ferreira2015ExperienciaBasica,
    title = {{Experi{\^{e}}ncia Pr{\'{a}}tica Interdisciplinar do Racioc{\'{i}}nio Computacional em Atividades de Computa{\c{c}}{\~{a}}o Desplugada na Educa{\c{c}}{\~{a}}o B{\'{a}}sica}},
    year = {2015},
    journal = {Anais do Workshop de Inform{\'{a}}tica na Escola},
    author = {Ferreira, Ana Carolina and Melhor, André and Barreto, Jandiaci and Paiva, Luiz Fernando de and Matos, Ecivaldo},
    doi = {10.5753/cbie.wie.2015.256},
    issn = {2316-6541}
}

@article{Del-ben2012SobreMusica,
    title = {{Sobre ensinar m{\'{u}}sica na educa{\c{c}}{\~{a}}o b{\'{a}}sica: ideias de licenciandos em m{\'{u}}sica}},
    year = {2012},
    journal = {Revista da ABEM},
    author = {Del-ben, Luciana},
    keywords = {1, deste texto foi apresentada, music education, music teaching in schools, representations, school music education, students, uma primeira vers{\~{a}}o}
}

@article{Franca2012EnsinoPossibilidades,
    title = {{Ensino de ci{\^{e}}ncia da computa{\c{c}}ao na educa{\c{c}}ao b{\'{a}}sica: Experi{\^{e}}ncias, desafios e possibilidades}},
    year = {2012},
    journal = {Anais do XXXII Congresso da Sociedade Brasileira de Computa{\c{c}}{\~{a}}o e XX Workshop de Educa{\c{c}}{\~{a}}o em Inform{\'{a}}tica},
    author = {Fran{\c{c}}a, Rozelma S. de and Silva, Waldir C. da and Amaral, Haroldo J. C. do}
}

@article{VALENTE2016IntegracaoAluno,
    title = {{Integra{\c{c}}{\~{a}}o do Pensamento Computacional no Curr{\'{i}}culo da Educa{\c{c}}{\~{a}}o B{\'{a}}sica: Diferentes Estrat{\'{e}}gias Usadas e Questões de Forma{\c{c}}{\~{a}}o de Professores e Avalia{\c{c}}{\~{a}}o do Aluno}},
    year = {2016},
    journal = {Revista e-Curriculum},
    author = {VALENTE, José Armando},
    issn = {1809-3876}
}

@article{Sousa2013DesenvolvimentoAno,
    title = {{Desenvolvimento do Pensamento Computacional com Recurso ao Scratch: Uma Experi{\^{e}}ncia com alunos do 8{\textordmasculine} ano}},
    year = {2013},
    journal = {Desenvolvimento do Pensamento Computacional com Recurso ao Scratch: Uma experi{\^{e}}ncia com alunos do 8{\textordmasculine} ano},
    author = {Sousa, Rui Miguel},
    isbn = {9789898525222}
}

@article{Franca2015ExplorandoDigitais,
    title = {{Explorando o pensamento computacional no ensino m{\'{e}}dio : do design {\`{a}} avalia{\c{c}}{\~{a}}o de jogos digitais}},
    year = {2015},
    journal = {23o. Workshop sobre Educa{\c{c}}{\~{a}}o em Computa{\c{c}}{\~{a}}o},
    author = {Fran{\c{c}}a, Rozelma Soares De and Tedesco, Patrícia}
}

@article{Ramos2015DesenvolvimentoScratch,
    title = {{Desenvolvimento Do Pensamento Computacional Por Meio Do Scratch}},
    year = {2015},
    journal = {Micifbaiano2015.Com},
    author = {Ramos, FO and Teixeira, L da Silva}
}